@article{SchepartzLanguage1993,
    author = {Schepartz, L. A.},
    title = {Language and Modern Human Origins},
    journaltitle = {Yearbook of Physical Anthropology},
    volume = {36},
    year = {1993},
    pages = {91--126}
}


@article{JaisalAReview2012,
    author = {Jaisal, Pradeep K. and Mishra, Pankaj K.},
    title = {A Review of Speech Pattern Recognition: Survey},
    journaltitle = {International Journal of Computer Science and Technology},
    volume = {3},
    number = {1},
    date = {2012},
    pages = {709--713}
}

@inproceedings{GrassoTheLong2003, 
    author = {Grasso, Michael A.}, 
    booktitle = {Computer-Based Medical Systems, 2003. Proceedings. 16th IEEE Symposium}, 
    title = {The long-term adoption of speech recognition in medical applications}, 
    year = {Junio}, 
    pages = {257--262}, 
    doi = {10.1109/CBMS.2003.1212798}, 
    ISSN = {1063-71258}
}

@online{Eurofighter,
    author = {Eurofighter Typhoon},
    title = {Voice Throttle \& Stick. Direct Voice Input},
    url = {http://www.eurofighter.com/capabilities/technology/voice-throttle-stick/direct-voice-input.html}
}

@article{WeinsteinOpportunities1991, 
    author = {Weinstein, C.J.}, 
    title = {Opportunities for advanced speech processing in military computer-based systems}, 
    journaltitle = {Proceedings of the IEEE}, 
    year = {1991}, 
    volume = {79}, 
    number = {11}, 
    pages = {1626--1641}, 
    doi = {10.1109/5.118986}, 
    ISSN = {0018-9219}
}

@inproceedings{RabinerAutomatic1997, 
    author={Rabiner, L.},
    booktitle={Automatic Speech Recognition and Understanding, 1997. Proceedings., 1997 IEEE Workshop on}, 
    title={Applications of speech recognition in the area of telecommunications}, 
    year={Diciembre}, 
    pages={501--510}, 
    doi={10.1109/ASRU.1997.659129}
}

@report{BellesiReconocimiento2008,
    author = {Bellesi, F. and  Ortiz, F.},
    title = {Reconocimiento de voz para aplicaci\'{o}n en dom\'{o}tica},
    institution = {Universidad Tecnol\'{o}gica Nacional, Facultad de Ingenier\'{i}a},
    location={Argentina},
    year = {2008},
    type = {Reporte T\'{e}cnico}
}

@report{MirandaUnJuego2007,
    author = {Miranda, C. and Camal, R. and Cen, J. and Gonz\'{a}lez, C. and Gonz\'{a}lez, S. and Garc\'{i}a, M. and Narvaez, L.},
    title = {Un Juego de Gravedad con Reconocimiento de Voz para Ni\~{n}os con Problemas de Lenguaje},
    institution = {Universidad Aut\'{o}noma de Yucat\'{a}n, Facultad de Matem\'{a}ticas},
    location = {M{\'e}xico},
    year = {2007},
    type = {Reporte T\'{e}cnico}
}

@MISC{SalaSpeech1999,
    author = {Sala, M. and S\'{a}nchez, F. and Wengelnik, H. and van den Heuvel, H and Moreno, A. and Deregibus, E. and 
              Richard, G. and Le Chevalier, E.},
    title = {Speechdat-Car: Speech Databases For Voice Driven Teleservices And Control Of In-Car Applications},
    year = {1999}
}


@article{RufinerSistema2004, 
    author = {Rufiner, H. L. and Milone, D. H.}, 
    title = {Sistema de reconocimiento autom\'{a}tico del habla}, 
    journaltitle = {Ciencia, Docencia y Tecnolog\'{i}a}, 
    year = {2004},
    month = {Noviembre}, 
    number = {28}, 
    pages = {151--177} 
}

@thesis{GarretUsing2011,
    author = {Garrett, J. T.},
    title = {Using Speech Recognition Software to Increase Writing Fluency for Individuals with Physical Disabilities},
    institution = {Georgia State University, College of Education},
    year = {2011},
    type = {Tesis de Doctorado}
}


@article{GaikwadAReview2010, 
    author = {Gaikwad, S. K. and Gawali, B. W. and Yannawar, P}, 
    title = {A Review on Speech Recognition Technique}, 
    journaltitle = {International Journal of Computer Applications}, 
    year = {2010}, 
    volume = {10}, 
    number = {3}, 
    pages = {16--24} 
}

@online{WikipediaOpenSource,
    author = {Wikipedia},
    title = {Open Source},
    url = {http://en.wikipedia.org/wiki/Open_source}
}
